@misc {Max,
    url = {https://cycling74.com/products/max},
    title = {What is Max?},
}

@misc {Guitar,
    title = {Generating Guitar Solos by Integer Programming},
    author = {Cunha, Nailson dos Santos},
    year = {2016},
    url = {https://www.tandfonline.com/eprint/Prks6BcYNEivw87vSu86/full},
}

@misc {MuseNet,
    title = {MuseNet},
    year = {2019},
    url = {https://openai.com/blog/musenet/},
}

@misc {Magenta,
    url = {https://magenta.tensorflow.org/music-transformer},
    year = {2018},
    author = {Huang, Cheng-Zhi}
}

@misc {Accessability,
    title = {What Do We Mean by "Accessability Research"?},
    year = {2021},
    author = {Mack, Kelley},
}

@misc {Microtones,
    title = {Microtonality: the variety of approaches to microtonal music in world cultures},
    year = {2020},
    author = {Childed, Serg},
    url = {https://musictales.club/article/microtonality-variety-approaches-microtonal-music-world-cultures},
}

@misc {Neely,
    title = {Theory and White Supremacy},
    year = {2020},
    author = {Adam Neely},
    url = {https://www.youtube.com/watch?v=Kr3quGh7pJA},
}

@misc {Poly,
    title = {Polyrhythms: All You Need to Know},
    author = {Banton, Joelle},
    year = {2020},
    url = {https://www.musicgateway.com/blog/how-to/polyrhythms-all-you-need-to-know},
}

@misc {MusicalVibrations,
  title = {What is Musical Vibrations},
  author = {Natalie Barker, Carl Hopkins, Gary Seiffert},
  url = {http://www.musicalvibrations.com}
}

@misc {SparceTransformers,
    title = {Generating Long Sequences with Sparse Transformers},
    author = {Child, Rewon},
    year = {2019},
    url = {https://arxiv.org/pdf/1904.10509.pdf},
}

@misc {Markov,
    title = {Markov Chains},
    author = {Powell, Victor},
    url = {https://setosa.io/ev/markov-chains/},
    year = {2018},
}

@misc {MusicGen,
    title = {Computational Creativity and Music Generation Systems: An Introduction to the State of the Art},
    author = {Carnovalini, Filippo},
    year = {2020},
    url = {https://www.frontiersin.org/articles/10.3389/frai.2020.00014/full#h4},
}

@misc {Evaluation,
    title = {On the Evaluation of Generative Models in Music},
    author = {Li-Chia Yang, Alexander Lerch},
    year = {2018},
    url = {https://musicinformatics.gatech.edu/wp-content_nondefault/uploads/2018/11/postprint.pdf},
}

@misc {Copyright,
    title = {AI Generated Music: Who Gets the Royalties?},
    author = {Dave Bagley},
    year = {2021},
    url = {https://www.vistex.com/blog/music/ai-generated-music-who-gets-the-royalties/}
}

@misc {Law,
    title = {We've been warned about AI and music for over 50 years, but no one's prepared},
    author = {Dani Dehal},
    year = {2019},
    url = {https://www.theverge.com/2019/4/17/18299563/ai-algorithm-music-law-copyright-human}
}

@misc {Vid1,
    title = {ml.markov Tutorial (Part 1) - Machine Learning in Max/MSP},
    author = {Samuel Pearce-Davies},
    year = {2019},
    url = {https://www.youtube.com/watch?v=LG-GYFyJw74&t=417s}
}

@misc {Vid2,
    title = {ml.markov Tutorial (Part 2) - Machine Learning in Max/MSP},
    author = {Samuel Pearce-Davies},
    year = {2019},
    url = {https://www.youtube.com/watch?v=9GG8dOaSTMA&t=4s}
}

@misc {Vid3,
    title = {ml.markov Tutorial (Part 3) - Machine Learning in Max/MSP},
    author = {Samuel Pearce-Davies},
    year = {2019},
    url = {https://www.youtube.com/watch?v=PnWWh3C9jvk}
}

@misc {FreeMidi,
    title = {FreeMidi},
    url = {https://freemidi.org}
}

@misc {Kaggle,
    title = {Jazz ML ready MIDI},
    url = {https://www.kaggle.com/datasets/saikayala/jazz-ml-ready-midi}
}

@misc {BushGrafts,
    title = {Doug McKenzie Jazz Piano},
    url = {https://bushgrafts.com/midi/}
}

@misc {Interpolation,
    title = {JAZZ, INTERPOLATION AND IMPROVISATION},
    author = {Kara L. Smith},
    year = {2004},
    url = {https://deliverypdf.ssrn.com/delivery.php?ID=676067083085097088114030066120067078034050019023060074029022103088102022030125093099032060018032059046053101111092019022119011126023030041068077030116098024064024090043085092024075087109122078027068002066099029102027075020075073027099026024064127065&EXT=pdf&INDEX=TRUE}
}


